



@book{wallis_mathematics_2013,
	address = {New York, NY},
	title = {Mathematics in the real world},
	isbn = {978-1-4614-8529-2 978-1-4614-8528-5},
	language = {eng},
	publisher = {Birkhäuser},
	url = {https://doi.org/10.1007/978-1-4614-8529-2},
	author = {Wallis, Walter D.},
	year = 2013,
	note = {OCLC: 865046849},
	}


@Book{wallis12:discr_math,
  author = 	 {Wallis, Walter D.},
  title = 	 {A Beginner’s Guide to Discrete Mathematics},
  publisher = 	 {Birkhäuser},
  year = 	 2012,
  language = {eng},
  address = 	 {New York, NY},
  edition = 	 {Second},
  isbn = {978-0-8176-8285-9 978-0-8176-8286-6},
  url = {https://doi.org/10.1007/978-0-8176-8286-6},
  note = 	 {LCCN: 2011940047}}

@incollection{van_benthem_chapter_2014,
	address = {Amsterdam, NL},
	title = {Chapter 2: {Propositional} {Logic}},
	url = {http://www.logicinaction.org/docs/ch2.pdf},
	booktitle = {Logic in {Action}},
	publisher = {Logic in Action Open Course Project},
	author = {van Benthem, Johan and van Ditmarsch, Hans and van Eijck, Jan and Jaspars, Jan},
	year = {2014},
	keywords = {logic0},
	pages = {2.1--2.37}
}

@incollection{van_benthem_chapter_2014-1,
	address = {Amsterdam, NL},
	title = {Chapter 4: {The} {World} {According} to {Predicate} {Logic}},
	url = {http://www.logicinaction.org/docs/ch4.pdf},
	booktitle = {Logic in {Action}},
	publisher = {Logic in Action Open Course Project},
	author = {van Benthem, Johan and van Ditmarsch, Hans and van Eijck, Jan and Jaspars, Jan},
	year = {2014},
	keywords = {logic1},
	pages = {4.1--4.53}
}
