@book{obrien08,
  title={The course syllabus: A learning-centered approach},
  author={O'Brien, Judith Grunert and Millis, Barbara J and Cohen, Margaret W},
  year=2008,
  address={San Francisco, CA},
  publisher={John Wiley \& Sons}
}

@Misc{CTE15:CourseDesign,
  author = 	 {{University of Illinois Center for Innovation in Teaching and Learning}},
  title = 	 {Course and Syllabus Design},
  howpublished = {Published on the World Wide Web at },
  URL = {http://cte.illinois.edu/resources/topics/course_plan.html},
  year = 	 2015}

@Misc{GradCollege15,
  author = 	 {{University of Illinois Graduate College}},
  title = 	 {Recommendations for syllabi},
  howpublished = {Published on the World Wide Web at },
  URL = {http://www.grad.illinois.edu/courses-syllabi},
  year = 	 2015}

